@online{us2,
  title = {Scanverfahren in der Ultraschalltechnik},
  urldate = "2018-05-01",
  url ="http://129.217.224.2/HOMEPAGE/PHYSIKER/BACHELOR/AP/SKRIPT/UltraschallScan.pdf"
}
